@article{Green2008,
  doi = {10.1109/tasc.2008.921279},
  url = {https://doi.org/10.1109/tasc.2008.921279},
  year = {2008},
  month = jun,
  publisher = {Institute of Electrical and Electronics Engineers ({IEEE})},
  volume = {18},
  number = {2},
  pages = {248--251},
  author = {M.A. Green and B.P. Strauss},
  title = {The Cost of Superconducting Magnets as a Function of Stored Energy and Design Magnetic Induction Times the Field Volume},
  journal = {{IEEE} Transactions on Applied Superconductivity}
}

@article{Green1993, 
    title={Estimating the cost of large superconducting thin solenoid magnets (LBL-35002)}, 
    author={Green, M.A. and St. Lorant, S.J.}
}

@misc{BaBarAnalysis,
    url = "https://jlabdoc.jlab.org/docushare/dsweb/Get/Document-250033/21-045.pdf"
}